@article{Church:1936,
    annote = {contains Church's thesis: explicit statement that the functions which can be computed by a finite algorithm are precisely the recursive functions},
    author = {Church, A.},
    citeulike-article-id = {1282765},
    journal = {The American Journal Of Mathematics},
    pages = {345--363},
    posted-at = {2007-05-08 05:30:14},
    priority = {0},
    title = {{An unsolvable problem of elementary number theory}},
    volume = {58},
    year = {1936}
}




@article{turing:1936,
  annote = {Turing's famous demonstration of the formal limits on computation based on a proof that the {\em halting problem} is undecidable.},
  author = {Alan M. Turing},
  interhash = {8ac1f5e961ff74849ab6f0c7348b9c9c},
  intrahash = {b51d7b5c67fb98e0117bc176ee5fd5cf},
  journal = {Proceedings of the London Mathematical Society},
  number = 42,
  pages = {230--265},
  title = {On Computable Numbers, with an Application to the {E}ntscheidungsproblem},
  url = {http://www.cs.helsinki.fi/u/gionis/cc05/OnComputableNumbers.pdf},
  volume = 2,
  year = 1936,
  keywords = {cites.ref state.unclassified},
  added-at = {2010-10-07T11:05:21.000+0200},
  biburl = {http://www.bibsonomy.org/bibtex/2b51d7b5c67fb98e0117bc176ee5fd5cf/msn}
}



@article {Tanase:2004,
   author = {TÄƒnase, Mirela and Veltkamp, Remco C.},
   affiliation = {Institute of Information Computing Sciences, Utrecht University The Netherlands},
   title = {A Straight Skeleton Approximating the Medial Axis},
   booktitle = {Algorithms --- ESA 2004},
   series = {Lecture Notes in Computer Science},
   editor = {Albers, Susanne and Radzik, Tomasz},
   publisher = {Springer Berlin / Heidelberg},
   isbn = {},
   pages = {809-821},
   volume = {3221},
   year = {2004}
}


@book{Eckstein:1998,
 author = {Eckstein, Robert and Loy, Marc and Wood, Dave},
 title = {Java Swing},
 year = {1998},
 isbn = {1-56592-455-X},
 publisher = {O'Reilly \& Associates, Inc.},
 address = {Sebastopol, CA, USA},
} 


@article{Michelucci:1997,
 author = {Michelucci, Dominique and Moreau, Jean-Michel},
 title = {Lazy Arithmetic},
 journal = {IEEE Trans. Comput.},
 volume = {46},
 issue = {9},
 month = {September},
 year = {1997},
 issn = {0018-9340},
 pages = {961--975},
 numpages = {15},
 url = {http://dx.doi.org/10.1109/12.620478},
 doi = {http://dx.doi.org/10.1109/12.620478},
 acmid = {265211},
 publisher = {IEEE Computer Society},
 address = {Washington, DC, USA},
 keywords = {Computational geometry, hash coding, interval arithmetic, robustness, exact rational arithmetic, lazy arithmetic, inconsistencies.},
} 


@article{Kettner:2008,
 author = {Kettner, Lutz and Mehlhorn, Kurt and Pion, Sylvain and Schirra, Stefan and Yap, Chee},
 title = {Classroom examples of robustness problems in geometric computations},
 journal = {Comput. Geom. Theory Appl.},
 volume = {40},
 issue = {1},
 month = {May},
 year = {2008},
 issn = {0925-7721},
 pages = {61--78},
 numpages = {18},
 url = {http://portal.acm.org/citation.cfm?id=1344836.1344898},
 doi = {10.1016/j.comgeo.2007.06.003},
 acmid = {1344898},
 publisher = {Elsevier Science Publishers B. V.},
 address = {Amsterdam, The Netherlands, The Netherlands},
 keywords = {Floating-point geometry, Implementation, Numerical robustness problems},
}

@Article{Thijssen92,
  title = {Dynamic scaling in polycrystalline growth},
  author = {Thijssen, J. M. and Knops, H. J. F. and Dammers, A. J.},
  journal = {Phys. Rev. B},
  volume = {45},
  number = {15},
  pages = {8650--8656},
  numpages = {6},
  year = {1992},
  month = {Apr},
  doi = {10.1103/PhysRevB.45.8650},
  publisher = {American Physical Society}
}

@INPROCEEDINGS{Felkel:1998:SKI,
    author = {Petr Felkel and Stepan Obdrzalek},
    title = {Straight Skeleton Implementation},
    booktitle = {Proceedings of Spring Conference on Computer Graphics},
    year = {1998},
    pages = {210--218}
}

@INPROCEEDINGS{Aichholzer:1996:SKF,
    author = {Oswin Aichholzer and Franz Aurenhammer},
    title = {Straight Skeletons for General Polygonal Figures in the Plane},
    booktitle = {Computing and Combinatorics},
    year = {1996},
    pages = {117--126},
    publisher = {Springer-Verlag}
}


@INPROCEEDINGS{Cacciola:2004:ACI,
    author = {Fernando Cacciola},
    title = {A \uppercase{CGAL} implementation of the Straight Skeleton of a Simple 2D Polygon with Holes},
    booktitle = {2nd CGAL User Workshop},
    year = {2004},
}

@article{Pottmann:2007:GML,
 author = {Pottmann,, Helmut and Liu,, Yang and Wallner,, Johannes and Bobenko,, Alexander and Wang,, Wenping},
 title = {Geometry of multi-layer freeform structures for architecture},
 journal = {ACM Trans. Graph.},
 volume = {26},
 number = {3},
 year = {2007},
 issn = {0730-0301},
 pages = {65},
 doi = {http://doi.acm.org/10.1145/1276377.1276458},
 publisher = {ACM},
 address = {New York, NY, USA},
 }

@inproceedings{Merrell:2008:CMS,
 author = {Merrell,, Paul and Manocha,, Dinesh},
 title = {Continuous model synthesis},
 booktitle = {SIGGRAPH Asia '08: ACM SIGGRAPH Asia 2008 papers},
 year = {2008},
 pages = {1--7},
 location = {Singapore},
 doi = {http://doi.acm.org/10.1145/1457515.1409111},
 publisher = {ACM},
 address = {New York, NY, USA},
 }

@inproceedings{Merrell:2007:EBM,
 author = {Merrell,, Paul},
 title = {Example-based model synthesis},
 booktitle = {I3D '07: Proceedings of the 2007 symposium on Interactive 3D graphics and games},
 year = {2007},
 isbn = {978-1-59593-628-8},
 pages = {105--112},
 location = {Seattle, Washington},
 doi = {http://doi.acm.org/10.1145/1230100.1230119},
 publisher = {ACM},
 address = {New York, NY, USA},
 }

 @article{Finkenzeller:2008:DBF,
 author = {Finkenzeller,, Dieter},
 title = {Detailed Building Facades},
 journal = {IEEE Computer Graphics \& Applications},
 volume = {28},
 number = {3},
 year = {2008},
 pages = {58--66},
 }

@article{Liu06,
 author = {Liu, Yang and Pottmann, Helmut and Wallner, Johannes and Yang, Yong-Liang and Wang, Wenping},
 title = {Geometric Modeling with Conical Meshes and Developable Surfaces},
 journal = {ACM Transactions on Graphics},
 volume = {25},
 number = {3},
 year = {2006},
 pages = {681--689}
}

@article{Aliaga:2007:SGF,
 author = {Aliaga,, Daniel G. and Rosen,, Paul A. and Bekins,, Daniel R.},
 title = {Style Grammars for Interactive Visualization of Architecture},
 journal = {IEEE Transactions on Visualization and Computer Graphics},
 volume = {13},
 number = {4},
 year = {2007},
 pages = {786--797}
}

@article{Aurenhammer:2008:WSA,
 author = {Aurenhammer, Franz},
 title = {Weighted skeletons and fixed-share decomposition},
 journal = {Comput. Geom. Theory Appl.},
 volume = {40},
 number = {2},
 year = {2008},
 pages = {93--101},
 }

@inproceedings{Epp:98,
 author = {Eppstein, David and Erickson, Jeff},
 title = {Raising roofs, crashing cycles, and playing pool: applications of a data structure for finding pairwise interactions},
 booktitle = {SCG '98: Proceedings of the fourteenth annual symposium on Computational geometry},
 year = {1998},
 isbn = {0-89791-973-4},
 pages = {58--67},
 location = {Minneapolis, Minnesota, United States},
 doi = {http://doi.acm.org/10.1145/276884.276891},
 publisher = {ACM},
 address = {New York, NY, USA},
 }

@inproceedings{Epp:08,
 author = {Barequet, Gill and Eppstein, David and Goodrich, Michael T. and Vaxman, Amir},
 title = {Straight Skeletons of Three-Dimensional Polyhedra},
 booktitle = {ESA '08: Proceedings of the 16th annual European symposium on Algorithms},
 year = {2008},
 isbn = {978-3-540-87743-1},
 pages = {148--160},
 location = {Karlsruhe, Germany},
 doi = {http://dx.doi.org/10.1007/978-3-540-87744-8_13},
 publisher = {Springer-Verlag},
 address = {Berlin, Heidelberg},
 }

@article{Blum67,
    address = {Cambridge, MA},
    author = {Blum, Harry},
    editor = {Wathen-Dunn, Weiant},
    journal = {Models for the Perception of Speech and Visual Form},
    keywords = {voronoi},
    pages = {362--380},
    posted-at = {2009-06-11 06:14:45},
    priority = {2},
    publisher = {MIT Press},
    title = {A Transformation for Extracting New Descriptors of Shape},
    year = {1967}
}

@article{Atherton83,
 author = {Atherton, Peter R},
 title = {A scan-line hidden surface removal procedure for constructive solid geometry},
 journal = {SIGGRAPH Comput. Graph.},
 volume = {17},
 number = {3},
 year = {1983},
 issn = {0097-8930},
 pages = {73--82},
 doi = {http://doi.acm.org/10.1145/964967.801135},
 publisher = {ACM},
 address = {New York, NY, USA},
 }

@article{Sugihara08,
title = "Automatic Generation of 3D Building Models with Multiple Roofs",
journal = "Tsinghua Science and Technology",
volume = "13",
number = "Supplement 1",
pages = "368 - 374",
year = "2008",
note = "",
issn = "1007-0214",
doi = "DOI: 10.1016/S1007-0214(08)70176-7",
url = "http://www.sciencedirect.com/science/article/B7RKT-4TX6FMS-23/2/b3286c953da47323446a4d60a5f854bc",
author = "Kenichi Sugihara and Yoshitugu Hayashi",
keywords = "3D building model",
keywords = "3D urban model",
keywords = "automatic generation",
keywords = "CG",
keywords = "GIS",
keywords = "polygon partitioning"
}

@MASTERSTHESIS{twak06,
   author = "Tom W A Kelly",
   title = "City Architecture Generation",
   school = "University of Bristol",
   year = "2006"
}