% This file was created with JabRef 2.3.1.

@misc{Revit,
  author        = "{Autodesk Inc.}",
  title         = "Revit\textsuperscript{\texttrademark}",
  howpublished  = "",
  month         = "",
  year          = "2010",
  note          = "http://www.revit.com"
}

@misc{Rhino,
  author        = "{Robert McNeel.}",
  title         = "Rhinoceros\textsuperscript{\texttrademark}",
  howpublished  = "",
  month         = "",
  year          = "2012",
  note          = "http://www.rhino3d.com"
}

@misc{ePlans,
  author        = "{Hanley Wood, LLC.}",
  title         = "ePlans.com",
  howpublished  = "",
  month         = "sept",
  year          = "2010",
  note          = "http://www.eplans.com"
}

% Encoding: Cp1252

@article{Gal09,
author = {Ran Gal and Olga Sorkine and Niloy Mitra and Daniel Cohen-Or},
title = {{i\textsc{Wires}}: An Analyze-and-Edit Approach to Shape Manipulation},
journal = {ACM Transactions on Graphics (proceedings of ACM SIGGRAPH)},
volume = {28},
number = {3},
year = {2009},
pages = {1--10},
}

%%%%%%%%%%%%%%%%%%%%%%%%%%%%%%%%%%%%%%%%%%%%%%%%%%%%%%%%%%%%%%%%%%%%%%
% 2009
%%%%%%%%%%%%%%%%%%%%%%%%%%%%%%%%%%%%%%%%%%%%%%%%%%%%%%%%%%%%%%%%%%%%%%

@article{Bittner:2009:AGV,
  title =      "Adaptive Global Visibility Sampling",
  author =     "Ji{\v r}{\' i} Bittner and Oliver Mattausch and Peter
               Wonka and Vlastimil Havran and Michael Wimmer",
  year =       "2009",
  pages =      "%pages_from%--%pages_to%",
  journal =    "ACM Transactions on Graphics",
  event =      "ACM SIGGRAPH 2009",
  number =     "28",
  volume =     "3",
}


@article{Cline:2009:ACO,
  author    = {D. Cline and Anshuman Razdan and Peter Wonka},
  title     = {A Comparison of Tabular PDF Inversion Methods},
  journal   = {Computer Graphics Forum},
  volume    = {28},
  number    = {1},
  year      = {2009},
  pages     = {154-160},
}

%%%%%%%%%%%%%%%%%%%%%%%%%%%%%%%%%%%%%%%%%%%%%%%%%%%%%%%%%%%%%%%%%%%%%%
% 2008
%%%%%%%%%%%%%%%%%%%%%%%%%%%%%%%%%%%%%%%%%%%%%%%%%%%%%%%%%%%%%%%%%%%%%%

@article{Lipp:2008:IEV,
  title =      "Interactive Visual Editing of Grammars for Procedural
               Architecture",
  author =     "Markus Lipp and Peter Wonka and Michael Wimmer",
  year =       "2008",
  pages =      "102:1--10",
  journal =    "ACM Transactions on Graphics",
  event =      "ACM SIGGRAPH 2008",
  note =       "Article No. 102",
  number =     "3",
  volume =     "27",
}

@ARTICLE{Chen:2008:IPS,
    author    =  {Guoning Chen and Gregory Esch and Peter Wonka and Pascal M\"{u}ller and Eugene Zhang},
    title         =  {Interactive Procedural Street Modeling},
    journal    =  {ACM Transactions on Graphics},
    year        =  {2008},
    volume   =  {27},
    number  =  {3},
    pages =      "103:1--9",
}

@article{Zhou:2008:VDM,
 author = {Zhou,, Kaichi and Zhang,, Eugene and Bittner,, Ji\v{r}\'{\i} and Wonka,, Peter},
 title = {Visibility-driven Mesh Analysis and Visualization through Graph Cuts},
 journal = {IEEE Transactions on Visualization and Computer Graphics},
 volume = {14},
 number = {6},
 year = {2008},
 pages = {1667--1674},
}

%%%%%%%%%%%%%%%%%%%%%%%%%%%%%%%%%%%%%%%%%%%%%%%%%%%%%%%%%%%%%%%%%%%%%%
% 2007
%%%%%%%%%%%%%%%%%%%%%%%%%%%%%%%%%%%%%%%%%%%%%%%%%%%%%%%%%%%%%%%%%%%%%%



%%%%%%%%%%%%%%%%%%%%%%%%%%%%%%%%%%%%%%%%%%%%%%%%%%%%%%%%%%%%%%%%%%%%%%
% 2006
%%%%%%%%%%%%%%%%%%%%%%%%%%%%%%%%%%%%%%%%%%%%%%%%%%%%%%%%%%%%%%%%%%%%%%

@ARTICLE{Wonka:2006:GVS,
  author = {Peter Wonka and Michael Wimmer and Kaichi Zhou and Stefan Maierhofer
	and Gerd Hesina and Alexander Reshetov},
  title = {Guided Visibility Sampling},
  journal = {ACM Transactions on Graphics},
  year = {2006},
  volume = {25},
  pages = {494--502},
  number = {3},
  publisher = {ACM Press}
}

@ARTICLE{Mueller:2006:PMB,
  author = {M\"{u}ller and Wonka and Haegler and Ulmer and Van Gool},
  title = {Procedural Modeling of Buildings},
  journal = {ACM Transactions on Graphics},
  year = {2006},
  volume = {25},
  pages = {614--623},
  number = {3},
  year = {2006}
}

@INPROCEEDINGS{Mueller:2006:PMC,
  author = {Pascal M\"{u}ller and Peter Wonka and Eric Hanson and Neil Eskuri and Ben Watson},
  title = {Procedural modeling of cities},
  booktitle = {SIGGRAPH '06: ACM SIGGRAPH 2006 Courses},
  year = {2006},
  pages = {139-184},
  address = {NY, USA},
  publisher = {ACM Press},
  isbn = {1-59593-364-6},
  location = {Boston, Massachusetts}
}


%%%%%%%%%%%%%%%%%%%%%%%%%%%%%%%%%%%%%%%%%%%%%%%%%%%%%%%%%%%%%%%%%%%%%%
% 2005
%%%%%%%%%%%%%%%%%%%%%%%%%%%%%%%%%%%%%%%%%%%%%%%%%%%%%%%%%%%%%%%%%%%%%%

%%%%%%%%%%%%%%%%%%%%%%%%%%%%%%%%%%%%%%%%%%%%%%%%%%%%%%%%%%%%%%%%%%%%%%
% 2004
%%%%%%%%%%%%%%%%%%%%%%%%%%%%%%%%%%%%%%%%%%%%%%%%%%%%%%%%%%%%%%%%%%%%%%

%%%%%%%%%%%%%%%%%%%%%%%%%%%%%%%%%%%%%%%%%%%%%%%%%%%%%%%%%%%%%%%%%%%%%%
% 2003
%%%%%%%%%%%%%%%%%%%%%%%%%%%%%%%%%%%%%%%%%%%%%%%%%%%%%%%%%%%%%%%%%%%%%%

@ARTICLE{Wonka:2003:IA,
  author = {Peter Wonka and Michael Wimmer and F. Sillion and William Ribarsky},
  title = {Instant Architecture},
  journal = {ACM Transactions on Graphics},
  year = {2003},
  volume = {22},
  pages = {669--677},
  number = {3}
}

@INPROCEEDINGS{Mueller:2006:P3R,
  author = {P. M\"{u}ller and T. Vereenooghe and P. Wonka and I. Paap and L. Van
	Gool},
  title = {Procedural 3D Reconstruction of Puuc Buildings in Xkipché},
  booktitle = {Eurographics Symposium on Virtual Reality, Archaeology and Cultural
	Heritage (VAST)},
  year = {2006},
  pages = {139-146},
  publisher = {EG}
}

%%%%%%%%%%%%%%%%%%%%%%%%%%%%%%%%%%%%%%%%%%%%%%%%%%%%%%%%%%%%%%%%%%%%%%
% 2002
%%%%%%%%%%%%%%%%%%%%%%%%%%%%%%%%%%%%%%%%%%%%%%%%%%%%%%%%%%%%%%%%%%%%%%

%%%%%%%%%%%%%%%%%%%%%%%%%%%%%%%%%%%%%%%%%%%%%%%%%%%%%%%%%%%%%%%%%%%%%%
% 2001
%%%%%%%%%%%%%%%%%%%%%%%%%%%%%%%%%%%%%%%%%%%%%%%%%%%%%%%%%%%%%%%%%%%%%%

@ARTICLE{Wonka:2001:IV,
  author = {Peter Wonka and Michael Wimmer and Fran{\c c}ois Sillion},
  title = {Instant Visibility},
  journal = {Computer Graphics Forum (Proc. Eurographics '01)},
  year = {2001},
  volume = {20},
  pages = {411--421},
  number = {3},
  month = sep,
  note = {{ISSN} 0167-7055},
  editor = {A. Chalmers and T.-M. Rhyne},
  organization = {Eurographics},
  publisher = {Blackwell Publishers}
}

@INPROCEEDINGS{Wimmer:2001:PBI,
  author = {Michael Wimmer and Peter Wonka and Fran{\c c}ois Sillion},
  title = {Point-Based Impostors for Real-Time Visualization},
  booktitle = {Rendering Techniques 2001 (Proceedings of the Eurographics Workshop
	on Rendering 2001)},
  year = {2001},
  editor = {Karl Myszkowski and Steven J. Gortler},
  pages = {163--176},
  month = jun,
  organization = {Eurographics},
  publisher = {Springer-Verlag Wien New York},
  note = {{ISBN} 3-211-83709-4}
}

@INPROCEEDINGS{Bittner:2001:PG,
  author = {Ji\v{r}\'\i{} Bittner and Peter Wonka and Michael Wimmer},
  title = {Visibility Preprocessing for Urban Scenes using Line Space Subdivision},
  booktitle = {Proceedings of Pacific Graphics (PG'01)},
  year = {2001},
  pages = {276--284},
  address = {Tokyo, Japan},
  publisher = {IEEE Computer Society}
}

%%%%%%%%%%%%%%%%%%%%%%%%%%%%%%%%%%%%%%%%%%%%%%%%%%%%%%%%%%%%%%%%%%%%%%
% 2000
%%%%%%%%%%%%%%%%%%%%%%%%%%%%%%%%%%%%%%%%%%%%%%%%%%%%%%%%%%%%%%%%%%%%%%

@INPROCEEDINGS{Wonka:2000:VPO,
  author = {Peter Wonka and Michael Wimmer and Dieter Schmalstieg},
  title = {Visibility Preprocessing with Occluder Fusion for Urban Walkthroughs},
  booktitle = {Rendering Techniques 2000 (Proceedings of the Eurographics Workshop on Rendering 2000)},
  year = {2000},
  pages = {71--82},
  month = jun,
  publisher = {Springer-Verlag Wien New York}
}

%%%%%%%%%%%%%%%%%%%%%%%%%%%%%%%%%%%%%%%%%%%%%%%%%%%%%%%%%%%%%%%%%%%%%%
% 1999
%%%%%%%%%%%%%%%%%%%%%%%%%%%%%%%%%%%%%%%%%%%%%%%%%%%%%%%%%%%%%%%%%%%%%%

@ARTICLE{Wonka:1999:OSF,
  author = {Peter Wonka and Dieter Schmalstieg},
  title = {Occluder Shadows for Fast Walkthroughs of Urban Environments},
  journal = {Computer Graphics Forum (Proc. Eurographics '99)},
  year = {1999},
  volume = {18},
  pages = {51--60},
  number = {3},
  month = sep,
  note = {{ISSN} 1067-7055},
  editor = {P. Brunet and R. Scopigno},
  organization = {Eurographics},
  publisher = {Blackwell Publishers}
}
